@inproceedings{Micciancio2003StatisticalZP,
  title={Statistical Zero-Knowledge Proofs with Efficient Provers: Lattice Problems and More},
  author={Daniele Micciancio and S. Vadhan},
  booktitle={CRYPTO},
  year={2003}
}
@inproceedings{Lyubashevsky2011LatticeSW,
  title={Lattice Signatures Without Trapdoors},
  author={Vadim Lyubashevsky},
  booktitle={IACR Cryptol. ePrint Arch.},
  year={2011}
}
@article{Groth2014OneOutofManyPO,
  title={One-Out-of-Many Proofs: Or How to Leak a Secret and Spend a Coin},
  author={Jens Groth and Markulf Kohlweiss},
  journal={IACR Cryptol. ePrint Arch.},
  year={2014},
  volume={2014},
  pages={764}
}

@inproceedings{Cramer1994ProofsOP,
  title={Proofs of Partial Knowledge and Simplified Design of Witness Hiding Protocols},
  author={R. Cramer and I. Damg{\aa}rd and Berry Schoenmakers},
  booktitle={CRYPTO},
  year={1994}
}

@inproceedings{Melchor2013AdaptingLS,
  title={Adapting Lyubashevsky's Signature Schemes to the Ring Signature Setting},
  author={C. A. Melchor and Slim Bettaieb and Xavier Boyen and Laurent Fousse and P. Gaborit},
  booktitle={AFRICACRYPT},
  year={2013}
}

@inproceedings{Baum2018TowardsPL,
  title={Towards Practical Lattice-Based One-Time Linkable Ring Signatures},
  author={Carsten Baum and H. Lin and Sabine Oechsner},
  booktitle={IACR Cryptol. ePrint Arch.},
  year={2018}
}

@article{Torres2018PostQuantumOL,
  title={Post-Quantum One-Time Linkable Ring Signature and Application to Ring Confidential Transactions in Blockchain (Lattice RingCT v1.0)},
  author={Wilson Abel Alberto Torres and Ron Steinfeld and A. Sakzad and Joseph K. Liu and V. Kuchta and N. Bhattacharjee and M. Au and Jacob Cheng},
  journal={IACR Cryptol. ePrint Arch.},
  year={2018},
  volume={2018},
  pages={379}
}

@inproceedings{Esgin2018ShortLO,
  title={Short Lattice-based One-out-of-Many Proofs and Applications to Ring Signatures},
  author={Muhammed F. Esgin and Ron Steinfeld and A. Sakzad and Joseph K. Liu and D. Liu},
  booktitle={IACR Cryptol. ePrint Arch.},
  year={2018}
}

@inproceedings{Esgin2019LatticebasedZP,
  title={Lattice-based Zero-Knowledge Proofs: New Techniques for Shorter and Faster Constructions and Applications},
  author={Muhammed F. Esgin and Ron Steinfeld and Joseph K. Liu and D. Liu},
  booktitle={IACR Cryptol. ePrint Arch.},
  year={2019}
}

@article{Stern1996ANP,
  title={A new paradigm for public key identification},
  author={J. Stern},
  journal={IEEE Trans. Inf. Theory},
  year={1996},
  volume={42},
  pages={1757-1768}
}

@inproceedings{Kawachi2008ConcurrentlySI,
  title={Concurrently Secure Identification Schemes Based on the Worst-Case Hardness of Lattice Problems},
  author={A. Kawachi and Keisuke Tanaka and Keita Xagawa},
  booktitle={ASIACRYPT},
  year={2008}
}

@inproceedings{Ling2013ImprovedZP,
  title={Improved Zero-Knowledge Proofs of Knowledge for the ISIS Problem, and Applications},
  author={S. Ling and Khoa Nguyen and D. Stehl{\'e} and Huaxiong Wang},
  booktitle={Public Key Cryptography},
  year={2013}
}

@inproceedings{Libert2016ZeroKnowledgeAF,
  title={Zero-Knowledge Arguments for Lattice-Based Accumulators: Logarithmic-Size Ring Signatures and Group Signatures Without Trapdoors},
  author={Beno{\^i}t Libert and S. Ling and Khoa Nguyen and Huaxiong Wang},
  booktitle={EUROCRYPT},
  year={2016}
}

@article{Yang2017LatticeBasedTF,
  title={Lattice-Based Techniques for Accountable Anonymity: Composition of Abstract Stern's Protocols and Weak PRF with Efficient Protocols from LWR},
  author={R. Yang and M. Au and Junzuo Lai and Qiuliang Xu and Zuoxia Yu},
  journal={IACR Cryptol. ePrint Arch.},
  year={2017},
  volume={2017},
  pages={781}
}

@inproceedings{Feng2020TraceableRS,
  title={Traceable Ring Signatures with Post-quantum Security},
  author={Hanwen Feng and Jianwei Liu and Qianhong Wu and Ya-Nan Li},
  booktitle={CT-RSA},
  year={2020}
}

@inproceedings{Yang2019EfficientLZ,
  title={Efficient Lattice-Based Zero-Knowledge Arguments with Standard Soundness: Construction and Applications},
  author={R. Yang and M. Au and Zhenfei Zhang and Qiuliang Xu and Zuoxia Yu and William Whyte},
  booktitle={IACR Cryptol. ePrint Arch.},
  year={2019}
}

@article{Lu2018RaptorAP,
  title={Raptor: A Practical Lattice-Based (Linkable) Ring Signature},
  author={Xingye Lu and M. Au and Zhenfei Zhang},
  journal={IACR Cryptol. ePrint Arch.},
  year={2018},
  volume={2018},
  pages={857}
}

@inproceedings{Wang2019AddingLT,
  title={Adding Linkability to Ring Signatures with One-Time Signatures},
  author={Xueli Wang and Y. Chen and Xuecheng Ma},
  booktitle={ISC},
  year={2019}
}

@article{Brakerski2010AFF,
  title={A Framework for Efficient Signatures, Ring Signatures and Identity Based Encryption in the Standard Model},
  author={Zvika Brakerski and Y. Kalai},
  journal={IACR Cryptol. ePrint Arch.},
  year={2010},
  volume={2010},
  pages={86}
}

@inproceedings{Groth2008EfficientNP,
  title={Efficient Non-interactive Proof Systems for Bilinear Groups},
  author={Jens Groth and A. Sahai},
  booktitle={EUROCRYPT},
  year={2008}
}

@article{Feige1990MultipleNZ,
  title={Multiple non-interactive zero knowledge proofs based on a single random string},
  author={U. Feige and D. Lapidot and A. Shamir},
  journal={Proceedings [1990] 31st Annual Symposium on Foundations of Computer Science},
  year={1990},
  pages={308-317 vol.1}
}

@article{Peikert2019NoninteractiveZK,
  title={Noninteractive Zero Knowledge for NP from (Plain) Learning With Errors},
  author={Chris Peikert and Sina Shiehian},
  journal={IACR Cryptol. ePrint Arch.},
  year={2019},
  volume={2019},
  pages={158}
}

@inproceedings{Badrinarayanan2019StatisticalZA,
  title={Statistical ZAP Arguments},
  author={S. Badrinarayanan and R. Fernando and Aayush Jain and Dakshita Khurana and A. Sahai},
  booktitle={IACR Cryptol. ePrint Arch.},
  year={2019}
}